
@string{j:acm_comm_comp_algebra        = {ACM Communications in Computer Algebra}}
@string{j:acm                          = {Journal of the ACM}}
@string{j:acm_tran_math_soft           = {ACM Transactions on Mathematical Software}}
@string{j:comp_sci_and_tech            = {Journal of Computer Science and Technology}}
@string{j:math_annalen                 = {Mathematische Annalen}}
@string{j:math_comp                    = {Mathematics of Computation}}
@string{j:number_theory                = {Journal of Number Theory}}
@string{j:pure_and_applied_algebra     = {Journal of Pure and Applied Algebra}}
@string{j:sigsam_bulletin              = {SIGSAM Bulletin}}
@string{j:symb_comp                    = {Journal of Symbolic Computation}}

@string{pub:academic             = {Academic Press}}
@string{pub:acm                  = {ACM Press}}
@string{pub:addison              = {Addison--Wesley}}
@string{pub:ams                  = {American Mathematical Society}}
@string{pub:cambridge            = {Cambridge University Press}}
@string{pub:dover                = {Dover Publications}}
@string{pub:elsevier             = {Elsevier}}
@string{pub:kluwer               = {Kluwer Academic Publishers}}
@string{pub:maa                  = {Mathematical Association of America}}
@string{pub:mit                  = {MIT Press}}
@string{pub:springer             = {Springer--Verlag}}
@string{pub:wiley                = {Wiley}}
@string{pub:wolfram:media        = {Wolfram Media}}
@string{pub:wolfram:research     = {Wolfram Research}}

@string{adr:albany               = {Albany, NY, USA}}
@string{adr:atlanta              = {Atlanta, Georgia, United States}}
@string{adr:beijing              = {Beijing, China}}
@string{adr:berkeley             = {Berkeley, CA, United States}}
@string{adr:bonn                 = {Bonn, West Germany}}
@string{adr:boston               = {Boston, MA, United States}}
@string{adr:grand_bend           = {Grand Bend, ON, Canada}}
@string{adr:castro_urdiales      = {Castro Urdiales, Spain}}
@string{adr:champaign            = {Champaign, IL, United States}}
@string{adr:cambridge            = {Cambridge, MA, USA}}
@string{adr:genoa                = {Genoa, Italy}}
@string{adr:heidelberg           = {Heidelberg, Germany}}
@string{adr:hoboken              = {Hoboken, NJ, United States}}
@string{adr:kiev                 = {Kiev, Ukraine}}
@string{adr:kihei                = {Kihei, Maui, Hawaii, United States}}
@string{adr:las_vegas            = {Las Vegas, NV, United States}}
@string{adr:leipzig              = {Leipzig, Germany}}
@string{adr:lille                = {Lille, France}}
@string{adr:london:CA            = {London, Ontario, Canada}}
@string{adr:london               = {London, UK}}
@string{adr:los_angeles          = {Los Angeles, CA, United States}}
@string{adr:montreal             = {Montreal, Quebec, Canada}}
@string{adr:new_york             = {New York, NY, United States}}
@string{adr:norwell              = {Norwell, MA, USA}}
@string{adr:oxford               = {Oxford, United Kingdom}}
@string{adr:philadelphia         = {Philadelphia, PA, USA}}
@string{adr:portland             = {Portland, Oregon, United States}}
@string{adr:reading              = {Reading, MA, United States}}
@string{adr:rome                 = {Rome, Italy}}
@string{adr:rostock              = {Rostock, Germany}}
@string{adr:san_diego            = {San Diego, California, United States}}
@string{adr:santander            = {Santander, Spain}}
@string{adr:seoul                = {Seoul, Republic of Korea}}
@string{adr:snowbird             = {Snowbird, Utah, United States}}
@string{adr:st_andrews           = {St. Andrews, Scotland}}
@string{adr:tokyo                = {Tokyo, Japan}}
@string{adr:vancouver            = {Vancouver, British Columbia, Canada}}
@string{adr:victoria             = {Victoria, British Columbia, Canada}}
@string{adr:waterloo             = {Waterloo, Ontario, Canada}}
@string{adr:yorktown             = {Yorktown Heights, NY, United States}}
@string{adr:zurich               = {Z\"{u}rich, Switzerland}}

@string{edt:first                = {first edition}}
@string{edt:second               = {second edition}}
@string{edt:third                = {third edition}}
@string{edt:fourth               = {fourth edition}}
@string{edt:fifth                = {fifth edition}}

@string{pro:issac:89    = {{ISSAC~'89}: {P}roceedings of the 1989 {I}nternational {S}ymposium on {S}ymbolic and {A}lgebraic {C}omputation}}
@string{pro:issac:90    = {{ISSAC~'90}: {P}roceedings of the 1990 {I}nternational {S}ymposium on {S}ymbolic and {A}lgebraic {C}omputation}}
@string{pro:issac:91    = {{ISSAC~'91}: {P}roceedings of the 1991 {I}nternational {S}ymposium on {S}ymbolic and {A}lgebraic {C}omputation}}
@string{pro:issac:92    = {{ISSAC~'92}: {P}roceedings of the 1992 {I}nternational {S}ymposium on {S}ymbolic and {A}lgebraic {C}omputation}}
@string{pro:issac:93    = {{ISSAC~'93}: {P}roceedings of the 1993 {I}nternational {S}ymposium on {S}ymbolic and {A}lgebraic {C}omputation}}
@string{pro:issac:94    = {{ISSAC~'94}: {P}roceedings of the 1994 {I}nternational {S}ymposium on {S}ymbolic and {A}lgebraic {C}omputation}}
@string{pro:issac:95    = {{ISSAC~'95}: {P}roceedings of the 1995 {I}nternational {S}ymposium on {S}ymbolic and {A}lgebraic {C}omputation}}
@string{pro:issac:96    = {{ISSAC~'96}: {P}roceedings of the 1996 {I}nternational {S}ymposium on {S}ymbolic and {A}lgebraic {C}omputation}}
@string{pro:issac:97    = {{ISSAC~'97}: {P}roceedings of the 1997 {I}nternational {S}ymposium on {S}ymbolic and {A}lgebraic {C}omputation}}
@string{pro:issac:98    = {{ISSAC~'98}: {P}roceedings of the 1998 {I}nternational {S}ymposium on {S}ymbolic and {A}lgebraic {C}omputation}}
@string{pro:issac:99    = {{ISSAC~'99}: {P}roceedings of the 1999 {I}nternational {S}ymposium on {S}ymbolic and {A}lgebraic {C}omputation}}
@string{pro:issac:00    = {{ISSAC~'00}: {P}roceedings of the 2000 {I}nternational {S}ymposium on {S}ymbolic and {A}lgebraic {C}omputation}}
@string{pro:issac:01    = {{ISSAC~'01}: {P}roceedings of the 2001 {I}nternational {S}ymposium on {S}ymbolic and {A}lgebraic {C}omputation}}
@string{pro:issac:02    = {{ISSAC~'02}: {P}roceedings of the 2002 {I}nternational {S}ymposium on {S}ymbolic and {A}lgebraic {C}omputation}}
@string{pro:issac:03    = {{ISSAC~'03}: {P}roceedings of the 2003 {I}nternational {S}ymposium on {S}ymbolic and {A}lgebraic {C}omputation}}
@string{pro:issac:04    = {{ISSAC~'04}: {P}roceedings of the 2004 {I}nternational {S}ymposium on {S}ymbolic and {A}lgebraic {C}omputation}}
@string{pro:issac:05    = {{ISSAC~'05}: {P}roceedings of the 2005 {I}nternational {S}ymposium on {S}ymbolic and {A}lgebraic {C}omputation}}
@string{pro:issac:06    = {{ISSAC~'06}: {P}roceedings of the 2006 {I}nternational {S}ymposium on {S}ymbolic and {A}lgebraic {C}omputation}}
@string{pro:issac:07    = {{ISSAC~'07}: {P}roceedings of the 2007 {I}nternational {S}ymposium on {S}ymbolic and {A}lgebraic {C}omputation}}
@string{pro:issac:08    = {{ISSAC~'08}: {P}roceedings of the 2008 {I}nternational {S}ymposium on {S}ymbolic and {A}lgebraic {C}omputation}}
@string{pro:issac:09    = {{ISSAC~'09}: {P}roceedings of the 2009 {I}nternational {S}ymposium on {S}ymbolic and {A}lgebraic {C}omputation}}

@string{pro:symsac:71   = {{SYMSAC~'71}: {P}roceedings of the second {ACM} {S}ymposium on {S}ymbolic and {A}lgebraic {C}omputation}}
@string{pro:symsac:76   = {{SYMSAC~'76}: {P}roceedings of the third {ACM} {S}ymposium on {S}ymbolic and {A}lgebraic {C}omputation}}
@string{pro:symsac:81   = {{SYMSAC~'81}: {P}roceedings of the fourth {ACM} {S}ymposium on {S}ymbolic and {A}lgebraic {C}omputation}}
@string{pro:symsac:76   = {{SYMSAC~'86}: {P}roceedings of the fifth {ACM} {S}ymposium on {S}ymbolic and {A}lgebraic {C}omputation}}

@string{pro:stoc:92     = {{STOC~'92}: {P}roceedings of the twenty--fourth annual {ACM} {S}ymposium on {T}heory of {C}omputing}}
@string{pro:stoc:93     = {{STOC~'93}: {P}roceedings of the twenty--fifth annual {ACM} {S}ymposium on {T}heory of {C}omputing}}
@string{pro:stoc:94     = {{STOC~'94}: {P}roceedings of the twenty--sixth annual {ACM} {S}ymposium on {T}heory of {C}omputing}}
@string{pro:stoc:95     = {{STOC~'95}: {P}roceedings of the twenty--seventh annual {ACM} {S}ymposium on {T}heory of {C}omputing}}

@string{pro:imacs:93    = {{IMACS~'93}: {P}roceedings of the 1993 {IMACS} {S}ymposium}}

%%% faster-polynomial-multiplication-via-multipoint-kronecker-substitution.pdf

@article{Harvey2009multipoint,
    author        = {David Harvey},
    title         = {Faster polynomial multiplication via multipoint {K}ronecker substitution},
    journal       = j:symb_comp,
    volume        = {44},
    number        = {10},
    year          = {2009},
    issn          = {0747-7171},
    pages         = {1502--1510},
    doi           = {http://dx.doi.org/10.1016/j.jsc.2009.05.004},
    publisher     = pub:academic,
    address       = adr:new_york,
}

%%% axiom-the-30-year-horizon.pdf

@book{Daly2003horizon,
    editor        = {Timothy Daly},
    title         = {{A}xiom: {T}he 30 year horizon},
    pages         = {1100+},
    year          = {2003},
    url           = {\url{http://portal.axiom-developer.org/public/book2.pdf}},
}

%%% the-art-of-computer-programming-seminumarical-algorithms.djvu

@book{Knuth1985seminumerical,
    author        = {Donald E. Knuth},
    title         = {{T}he {A}rt of {C}omputer {P}rogramming: {S}eminumerical {A}lgorithms},
    edition       = edt:second,
    year          = {1985},
    publisher     = pub:addison,
    address       = adr:reading,
    isbn          = {0-201-03822-6},
}

%%% the-art-of-computer-programming-sorting-and-searching.djvu

@book{Knuth1998sorting,
    author        = {Donald E. Knuth},
    title         = {{T}he {A}rt of {C}omputer {P}rogramming: {S}orting and {S}earching},
    edition       = edt:second,
    year          = {1998},
    publisher     = pub:addison,
    address       = adr:reading,
    isbn          = {0-201-89685-0},
}

%%% factoring-polynomials-and-the-knapsack-problem.pdf

@article{vanHoeij2002knapsack,
    author        = {Mark van Hoeij}
    title         = {{F}actoring {P}olynomials and the {K}napsack {P}roblem},
    journal       = j:number_theory,
    volume        = {95},
    number        = {2},
    pages         = {167--189},
    year          = {2002},
    issn          = {0022-314X},
    doi           = {DOI: 10.1006/jnth.2001.2763},
    url           = {\url{www.math.fsu.edu/~hoeij/knapsack/paper/knapsack.ps}},
}

%%% a-relative-van-hoeij-algorithm-over-number-fields.pdf

@article{Belabas2004relative,
    author        = {Karim Belabas},
    title         = {{A} relative van {H}oeij algorithm over number fields},
    journal       = j:symb_comp,
    volume        = {37},
    number        = {5},
    pages         = {641--668},
    year          = {2004},
    publisher     = pub:academic,
    address       = adr:new_york,
    url           = {\url{http://www.ufr-mi.u-bordeaux.fr/~belabas/research/vanhoeij.pdf}},
}

%%% combinatorial-algorithms-for-computers-and-calculators.pdf

@book{Nijenhuis1978combinatorial,
    author        = {Albert Nijenhuis and Herbert S. Wilf},
    title         = {{C}ombinatorial {A}lgorithms: {F}or {C}omputers and {C}alculators},
    edition       = edt:second,
    year          = {1978},
    publisher     = pub:academic,
    address       = adr:new_york,
}

%%% p38-joyner.pdf

@article{Joyner2008axiom,
    author        = {David Joyner},
    title         = {{O}pen source computer algebra systems: {A}xiom},
    journal       = j:acm_comm_comp_algebra,
    volume        = {42},
    number        = {1-2},
    pages         = {39--47},
    year          = {2008},
    publisher     = pub:acm,
    address       = adr:new_york,
    issn          = {1932-2240},
    doi           = {http://doi.acm.org/10.1145/1394042.1394046},
}

%%% acm/p415-wilf.pdf

@article{Wilf1978bisection,
    author        = {Herbert S. Wilf},
    title         = {{A} {G}lobal {B}isection {A}lgorithm for {C}omputing the {Z}eros of {P}olynomials in the {C}omplex {P}lane},
    journal       = j:acm,
    volume        = {25},
    number        = {3},
    pages         = {415--420},
    year          = {1978},
    publisher     = pub:acm,
    address       = adr:new_york,
    issn          = {0004-5411},
    doi           = {http://doi.acm.org/10.1145/322077.322084},
}

%%% acm/p40-von_zur_gathen.pdf

@inproceedings{Gathen1997taylor,
    author        = {Joachim von zur Gathen and J\"{u}rgen Gerhard},
    title         = {{F}ast algorithms for {T}aylor shifts and certain difference equations},
    booktitle     = pro:issac:97,
    pages         = {40--47},
    year          = {1997},
    publisher     = pub:acm,
    address       = adr:new_york,
    isbn          = {0-89791-875-4},
    doi           = {http://doi.acm.org/10.1145/258726.258745},
    location      = adr:kihei,
}

%%% acm/p351-pinkert.pdf

@article{Pinkert1976complex,
    author        = {James R. Pinkert},
    title         = {{A}n {E}xact {M}ethod for {F}inding the {R}oots of a {C}omplex {P}olynomial},
    journal       = j:acm_tran_math_soft,
    volume        = {2},
    number        = {4},
    pages         = {351--363},
    year          = {1976},
    publisher     = pub:acm,
    address       = adr:new_york,
    issn          = {0098-3500},
    doi           = {http://doi.acm.org/10.1145/355705.355710},
}

%%% acm/p339-sharma.pdf

@inproceedings{Sharma2007complexity,
    author        = {Vikram Sharma},
    title         = {{C}omplexity of real root isolation using continued fractions},
    booktitle     = pro:issac:07,
    pages         = {339--346},
    year          = {2007},
    publisher     = pub:acm,
    address       = adr:new_york,
    isbn          = {978-1-59593-743-8},
    doi           = {http://doi.acm.org/10.1145/1277548.1277594},
    location      = adr:waterloo,
}

%%% acm/p272-collins.pdf

@inproceedings{Collins1976descarte,
    author        = {George E. Collins and Alkiviadis G. Akritas},
    title         = {{P}olynomial real root isolation using {D}escarte's rule of signs},
    booktitle     = pro:symsac:76,
    pages         = {272--275},
    year          = {1976},
    publisher     = pub:acm,
    address       = adr:new_york,
    doi           = {http://doi.acm.org/10.1145/800205.806346},
    location      = adr:yorktown,
}

%%% acm/p225-johnson.pdf

@inproceedings{Johnson1997isolation,
    author        = {Jeremy. R. Johnson and Werner Krandick},
    title         = {{P}olynomial real root isolation using approximate arithmetic},
    booktitle     = pro:issac:97,
    pages         = {225--232},
    year          = {1997},
    publisher     = pub:acm,
    address       = adr:new_york,
    isbn          = {0-89791-875-4},
    doi           = {http://doi.acm.org/10.1145/258726.258790},
    location      = adr:kihei,
}

%%% acm/p200-johnson.pdf

@inproceedings{Johnson2005taylor,
    author        = {Jeremy R. Johnson and Werner Krandick and Anatole D. Ruslanov},
    title         = {{A}rchitecture--aware classical {T}aylor shift by 1},
    booktitle     = pro:issac:05,
    pages         = {200--207},
    year          = {2005},
    publisher     = pub:acm,
    address       = adr:new_york,
    isbn          = {1-59593-095-7},
    doi           = {http://doi.acm.org/10.1145/1073884.1073913},
    location      = adr:beijing,
}

%%% acm/p195-johnson.pdf

@inproceedings{Johnson1992interval,
    author        = {Jeremy. R. Johnson},
    title         = {{R}eal algebraic number computation using interval arithmetic},
    booktitle     = pro:issac:92,
    pages         = {195--205},
    year          = {1992},
    publisher     = pub:acm,
    address       = adr:new_york,
    isbn          = {0-89791-489-9},
    doi           = {http://doi.acm.org/10.1145/143242.143311},
    location      = adr:berkeley,
}

%%% acm/p189-collins.pdf

@inproceedings{Collins1992infallible,
    author        = {George E. Collins and Werner Krandick},
    title         = {{A}n efficient algorithm for infallible polynomial complex root isolation},
    booktitle     = pro:issac:92,
    pages         = {189--194},
    year          = {1992},
    publisher     = pub:acm,
    address       = adr:new_york,
    isbn          = {0-89791-489-9},
    doi           = {http://doi.acm.org/10.1145/143242.143308},
    location      = adr:berkeley,
}

%%% acm/p137-collins.pdf

@inproceedings{Collins1996complex,
    author        = {George E. Collins and Werner Krandick},
    title         = {{A} tangent--secant method for polynomial complex root calculation},
    booktitle     = pro:issac:96,
    pages         = {137--141},
    year          = {1996},
    publisher     = pub:acm,
    address       = adr:new_york,
    isbn          = {0-89791-796-0},
    doi           = {http://doi.acm.org/10.1145/236869.236921},
    location      = adr:zurich,
}

%%% <TODO>

@inproceedings{Hulzen1982notorious,
    author        = {J. A. van Hulzen},
    title         = {{C}omputer {A}lgebra {S}ystems {V}iewed by a {N}otorious {U}ser},
    booktitle     = {EUROCAM '82: Proceedings of the European Computer Algebra Conference on Computer Algebra},
    publisher     = pub:springer,
    address       = adr:london,
    pages         = {166--180},
    year          = {1982},
    isbn          = {3-540-11607-9},
}

%%% computing-in-algebraic-extensions-resultant-calculus.pdf

@inbook{Loos1983algebraic,
    author        = {Rudiger Loos},
    title         = {{C}omputing in {A}lgebraic {E}xtensions},
    editor        = {Bruno Buchberger and George E. Collins and Rudiger Loos and Rudolf Albrecht},
    series        = {{C}omputer {A}lgebra: {S}ymbolic and {A}lgebraic {C}omputation},
    publisher     = pub:springer,
    address       = adr:new_york,
    edition       = edt:second,
    pages         = {173--187},
    year          = {1983},
    isbn          = {0-387-81776-K},
}

%%% kaltofen-polynomial-factorization.pdf

@inbook{Kaltofen1983factor,
    author        = {Erich Kaltofen},
    title         = {{P}olynomial {F}actorization}
    editor        = {Bruno Buchberger and George E. Collins and Rudiger Loos and Rudolf Albrecht},
    series        = {{C}omputer {A}lgebra: {S}ymbolic and {A}lgebraic {C}omputation},
    publisher     = pub:springer,
    address       = adr:new_york,
    edition       = edt:second,
    pages         = {93--111},
    year          = {1983},
    isbn          = {0-387-81776-K},
}

%%% acm/p240-liao.pdf

@inproceedings{Liao1995heuristic,
    author        = {Hsin--Chao Liao and Richard J. Fateman},
    title         = {{E}valuation of the heuristic polynomial {GCD}},
    booktitle     = pro:issac:95,
    pages         = {240--247},
    year          = {1995},
    publisher     = pub:acm,
    address       = adr:new_york,
    isbn          = {0-89791-699-9},
    doi           = {http://doi.acm.org/10.1145/220346.220376},
    location      = adr:montreal,
}

%%% acm/p219-trager.pdf

@inproceedings{Trager1976algebraic,
    author        = {Barry M. Trager},
    title         = {{A}lgebraic factoring and rational function integration},
    booktitle     = pro:symsac:76,
    pages         = {219--226},
    year          = {1976},
    publisher     = pub:acm,
    address       = adr:new_york,
    doi           = {http://doi.acm.org/10.1145/800205.806338},
    location      = adr:yorktown,
}

%%% comparison-of-polynomial-oriented-computer-algebra-systems.pdf

@article{Lewis1999comparison,
    author        = {Robert H. Lewis and Michael J. Wester},
    title         = {{C}omparison of {P}olynomial--{O}riented {C}omputer {A}lgebra {S}ystems},
    year          = {1999},
    url           = {\url{http://www.bway.net/~lewis/cacomp.ps}},
}

%%% computer-algebra-systems-a-practical-guide/

@book{Wester1999guide,
    author        = {Michael J. Wester},
    title         = {{C}omputer {A}lgebra {S}ystems: {A} {P}ractical {G}uide},
    pages         = {452},
    year          = {1999},
    publisher     = pub:wiley,
    address       = adr:hoboken,
    isbn          = {0-471-98353-5},
}

%%% a-critique-of-the-mathematical-abilities-of-ca-systems.pdf

@article{Wester1999critique,
    author        = {Michael J. Wester},
    title         = {{A} {C}ritique of the {M}athematical {A}bilities of {C}{A} {S}ystems},
    year          = {1999},
    url           = {\url{http://www.math.unm.edu/~wester/cas/book/Wester.pdf}},
}

%%% computer-algebra-synonyms.pdf

@article{Wester1999algebra,
    author        = {Michael J. Wester},
    title         = {{C}omputer {A}lgebra {S}ynonyms},
    year          = {1999},
    url           = {\url{http://www.math.unm.edu/~wester/cas/synonyms.pdf}},
}

%%% acm/p136-moenck.pdf

@inproceedings{Moenck1976practical,
    author        = {Robert T. Moenck},
    title         = {{P}ractical fast polynomial multiplication},
    booktitle     = pro:symsac:76,
    pages         = {136--148},
    year          = {1976},
    publisher     = pub:acm,
    address       = adr:new_york,
    doi           = {http://doi.acm.org/10.1145/800205.806332},
    location      = adr:yorktown,
}

%%% books/symbolic-integration-I-transcendental-functions.djvu

@book{Bronstein2005integration,
    author        = {Manuel Bronstein},
    title         = {Symbolic Integration I: Transcendental Functions},
    year          = {2005},
    publisher     = pub:springer,
    address       = adr:new_york,
    isbn          = {3-540-21493-3},
}

%%% books/algorithms-for-computer-algebra.djvu

@book{Geddes1992algorithms,
    author        = {Keith O. Geddes and Stephen R. Czapor and George Labahn},
    title         = {Algorithms for Computer Algebra},
    year          = {1992},
    publisher     = pub:kluwer,
    address       = adr:norwell,
    isbn          = {0-7923-9259-0},
}

%%% books/modern-computer-algebra.djvu

@book{Gathen1999modern,
    author        = {Joachim von zur Gathen and J\"{u}rgen Gerhard},
    title         = {Modern Computer Algebra},
    year          = {1999},
    publisher     = pub:cambridge,
    address       = adr:new_york,
    isbn          = {0-521-64176-4},
}

%%% books/computer-algebra-systems-algorithms-for-algebraic-computation.pdf

@book{Davenport1988systems,
    author        = {J. H. Davenport and Y. Siret and E. Tournier},
    title         = {{C}omputer algebra: systems and algorithms for algebraic computation},
    year          = {1988},
    publisher     = pub:academic,
    address       = adr:new_york,
    isbn          = {0-12-204230-1},
}


%%% acm/p49-giovini.pdf

@inproceedings{Giovini1991sugar,
    author        = {Alessandro Giovini and Teo Mora and Gianfranco Niesi and Lorenzo Robbiano and Carlo Traverso},
    title         = {``{O}ne sugar cube, please'' or selection strategies in the {B}uchberger algorithm},
    booktitle     = pro:issac:91,
    pages         = {49--54},
    year          = {1991},
    publisher     = pub:acm,
    address       = adr:new_york,
    isbn          = {0-89791-437-6},
    doi           = {http://doi.acm.org/10.1145/120694.120701},
    location      = adr:bonn,
}

%%% equality-in-computer-algebra-and-beyond.pdf

@article{Davenport2002equality,
    author        = {James H. Davenport},
    title         = {{E}quality in {C}omputer {A}lgebra and {B}eyond},
    journal       = j:symb_comp,
    volume        = {34},
    number        = {4},
    pages         = {259--270},
    year          = {2002},
    publisher     = pub:academic,
    address       = adr:new_york,
    issn          = {0747-7171},
    doi           = {http://dx.doi.org/10.1006/jsco.2002.0551},
    url           = {\url{http://www.calculemus.net/meetings/siena01/Papers/Davenport.pdf}},
}

%%% improved-techniques-of-factoring-univariate-polynomials.pdf

@article{Collins1996improved,
    author        = {George E. Collins and Mark J. Encarnaci\'{o}n},
    title         = {{I}mproved {T}echniques for {F}actoring {U}nivariate {P}olynomials},
    journal       = j:symb_comp,
    volume        = {21},
    number        = {3},
    pages         = {313--327},
    year          = {1996},
    publisher     = pub:academic,
    address       = adr:new_york,
    issn          = {0747-7171},
    doi           = {http://dx.doi.org/10.1006/jsco.1996.0014},
}

%%% can-you-save-time-in-multiplying-polynomials-by-encoding-them-as-integers.pdf

@article{Fateman2005encoding,
    author        = {Richard J. Fateman},
    title         = {{C}an you save time in multiplying polynomials by encoding them as integers?},
    url           = {\url{http://www.cs.berkeley.edu/~fateman/papers/polysbyGMP.pdf}},
}

%%% inplace-arithmetics-for-polynomials-over-Zn.pdf

@inproceedings{Monagan1993inplace,
    author        = {Michael B. Monagan},
    title         = {{I}n--place {A}rithmetic for {P}olinominals over {Z}_n},
    booktitle     = {DISCO '92: Proceedings of the International Symposium on Design and Implementation of Symbolic Computation Systems},
    year          = {1993},
    pages         = {22--34},
    publisher     = pub:springer,
    address       = adr:london,
    isbn          = {3-540-57272-4},
}

%%% p263-monagan.pdf

@inproceedings{Monagan2009parallel,
    author        = {Michael B. Monagan and Roman Pearce},
    title         = {{P}arallel {S}parse {P}olynomial {M}ultiplication {U}sing {H}eaps},
    booktitle     = pro:issac:09
    pages         = {263--270},
    year          = {2009},
    publisher     = pub:acm,
    address       = adr:new_york,
    isbn          = {978-1-60558-609-0},
    doi           = {http://doi.acm.org/10.1145/1576702.1576739},
    location      = adr:seoul,
}

%%% polynomial-division-using-dynamic-arrays-heaps-and-packed-exponent-vectors.pdf

@inproceedings{Monagan2007heaps,
    author        = {Michael B. Monagan and Roman Pearce},
    title         = {{P}olynomial {D}ivision {U}sing {D}ynamic {A}rrays, {H}eaps, and {P}acked {E}xponent {V}ectors},
    booktitle     = {CASC '07: Proceedings of the 10th International Workshop on Computer Algebra in Scientific Computing},
    pages         = {295--315},
    year          = {2007},
    publisher     = pub:springer,
    address       = adr:london,
}

%%% p238-monagan.pdf

@inproceedings{Monagan2006modulo,
    author        = {Michael B. Monagan and Roman Pearce},
    title         = {{R}ational {S}implification {M}odulo a {P}olynomial {I}deal},
    booktitle     = pro:issac:06
    pages         = {239--245},
    year          = {2006},
    publisher     = pub:acm,
    address       = adr:new_york,
    isbn          = {1-59593-276-3},
    location      = adr:genoa,
    doi           = {http://doi.acm.org/10.1145/1145768.1145809},
}

%%% rational-expression-simplification-with-polynomial-side-relations.pdf

@mastersthesis{Pearce2001relations,
    author        = {Roman Pearce},
    title         = {{R}ational {E}xpression {S}implification with {P}olynomial {S}ide {R}elations},
    school        = {Simon Fraser University},
    year          = {2001},
    url           = {\url{www.cecm.sfu.ca/~rpearcea/rpearce_msc_thesis.pdf}},
}

%%% efficient-implementation-of-polynomial-arithmetics-in-a-multiple-level-programming-environment.pdf

@inproceedings{Li2006levels,
    author        = {Xin Li and Marc Moreno Maza},
    title         = {{E}fficient {I}mplementation of {P}olynomial {A}rithmetic in a {M}ultiple--{L}evel {P}rogramming {E}nvironment},
    booktitle     = {ICMS '06: Proceedings of the Second International Congress on Mathematical Software},
    pages         = {12--23},
    year          = {2006},
    publisher     = pub:springer,
    address       = adr:london,
    isbn          = {3-540-38084-1},
    location      = adr:castro_urdiales,
}

%%% factoring-polynomials-with-rational-coefficients.pdf

@article{Lenstra1982factor,
    author        = {Lenstra, A. K.; Lenstra, H. W., Jr.; Lovász, L.},
    title         = {{F}actoring {P}olynomials with {R}ational coefficients},
    journal       = j:math_annalen,
    volume        = {261},
    number        = {4},
    pages         = {515--534},
    year          = {1982},
    doi           = {doi:10.1007/BF01457454},
    url           = {\url{https://openaccess.leidenuniv.nl/dspace/bitstream/1887/3810/1/346_050.pdf}},
}

%%% an-optimal-algorithm-for-algebraic-factoring.pdf

@article{Zhi1997optimal,
    author        = {Lihong Zhi},
    title         = {{A}n {O}ptimal {M}ethod for {A}lgebraic {F}actoring},
    journal       = j:comp_sci_and_tech,
    pages         = {1--8},
    year          = {1997},
    url           = {\url{www.mmrc.iss.ac.cn/~lzhi/Publications/zopfac.pdf}},
}

%%% algebra-user-guide-and-reference-manual.pdf

@manual{Bronstein2004algebra,
    author        = {Manuel Bronstein and Marc Moreno Maza},
    title         = {\texttt{{A}lgebra} {U}ser {G}uide and {R}eference {M}anual},
    edition       = {1.0.2},
    month         = {April},
    year          = {2004},
    url           = {\url{ftp://ftp-sop.inria.fr/cafe/software/algebra/algebra.dvi.gz}},
}

%%% aldor-user-guide.pdf

@manual{Aldor2000guide,
    organization  = {Aldor.org},
    title         = {{A}ldor {U}ser {G}uide},
    year          = {2000},
    url           = {\url{www.aldor.org/aldorug.pdf}},
}

%%% a-new-efficient-algorithm-for-computing-groebner-bases.pdf

@article{Faugere1999f4,
    author        = {Jean Charles Faug\`{e}re},
    title         = {{A} {N}ew {E}fficient {A}lgorithm for {C}omputing {G}r\"{o}bner {B}ases ({F}_4)},
    journal       = j:pure_and_applied_algebra,
    volume        = {139},
    number        = {1-3},
    month         = {June},
    year          = {1999},
    pages         = {61--88}
    url           = {\url{http://www-calfor.lip6.fr/~jcf/Papers/F99a.pdf}},
}

%%% acm/p75-faugere.pdf

@inproceedings{Faugere2002f5,
    author        = {Jean Charles Faug\`{e}re},
    title         = {{A} {N}ew {E}fficient {A}lgorithm for {C}omputing {G}r\"{o}bner {B}ases {W}ithout {R}eduction {T}o {Z}ero ({F}_5)},
    booktitle     = pro:issac:02,
    pages         = {75--83},
    year          = {2002},
    publisher     = pub:acm,
    address       = adr:new_york,
    isbn          = {1-58113-484-3},
    location      = adr:lille,
    doi           = {http://doi.acm.org/10.1145/780506.780516},
    url           = {\url{http://www-calfor.lip6.fr/~jcf/Papers/F02a.pdf}},
}

%%% efficient-variable-elimination-using-resultants.pdf

@phdthesis{Saxena1997elimination,
    author        = {Tushar Saxena},
    title         = {{E}fficient {V}ariable {E}limination {U}sing {R}esultants},
    year          = {1997},
    school        = {State University of New York at Albany},
    address       = adr:albany,
}

%%% acm/p59-kaltofen.pdf

@inproceedings{Kaltofen1999genericity,
    author        = {Erich Kaltofen and Michael B. Monagan},
    title         = {{O}n the {G}enericity of the {M}odular {P}olynomial {GCD} {A}lgorithm},
    booktitle     = pro:issac:99,
    pages         = {59--66},
    year          = {1999},
    publisher     = pub:acm,
    address       = adr:new_york,
    isbn          = {1-58113-073-2},
    location      = adr:vancouver,
    doi           = {http://doi.acm.org/10.1145/309831.309861},
}

%%% how-to-recognize-zero.pdf

@article{Richardson1997zero,
    author        = {Daniel Richardson},
    title         = {{H}ow to {R}ecognize {Z}ero},
    journal       = j:symb_comp,
    volume        = {24},
    number        = {6},
    pages         = {627--645},
    year          = {1997},
    publisher     = pub:academic,
    address       = adr:new_york,
    issn          = {0747-7171},
    doi           = {http://dx.doi.org/10.1006/jsco.1997.0157},
}

%%% acm/p297-monagan.pdf

@inproceedings{Monagan2004algebraic,
    author        = {Michael Monagan and Mark van Hoeij},
    title         = {{A}lgorithms for {P}olynomial {G}{C}{D} {C}omputation over {A}lgebraic {F}unction {F}ields},
    booktitle     = pro:issac:04,
    pages         = {297--304},
    year          = {2004},
    publisher     = pub:acm,
    address       = adr:new_york,
    isbn          = {1-58113-827-X},
    location      = adr:santander,
    doi           = {http://doi.acm.org/10.1145/1005285.1005328},
}

%%% factoring-multivariate-polynomials-via-partial-differential-equations.pdf

@article{Gao2003pdes,
    author        = {Shuhong Gao},
    title         = {{F}actoring {M}ultivariate {P}olynomials via {P}artial {D}ifferential {E}quations},
    journal       = j:math_comp,
    volume        = {72},
    number        = {242},
    pages         = {801--822},
    year          = {2003},
    publisher     = pub:ams,
    address       = adr:boston,
    issn          = {0025-5718},
    doi           = {http://dx.doi.org/10.1090/S0025-5718-02-01428-X},
}

%%% factorization-in-Zx-the-searching-phase.pdf

@inproceedings{Abbott2000searching,
    author        = {John Abbott and Victor Shoup and Paul Zimmermann},
    title         = {{F}actorization in {Z}[x]: {T}he {S}earching {P}hase},
    booktitle     = pro:issac:00,
    pages         = {1--7},
    year          = {2000},
    publisher     = pub:acm,
    address       = adr:new_york,
    isbn          = {1-58113-218-2},
    doi           = {http://doi.acm.org/10.1145/345542.345560},
    location      = adr:st_andrews,
}

%%% factoring-polynomials-over-finite-fields-asymptotic-complexity-vs-reality.pdf

@inproceedings{Shoup1993reality,
    author        = {Victor Shoup},
    title         = {Factoring Polynomials over Finite Fields: Asymptotic Complexity vs. Reality},
    booktitle     = pro:imacs:93,
    year          = {1993},
    location      = adr:lille,
}

%%% subquadratic-time-factoring-of-polynomials-over-finite-fields.pdf

@inproceedings{Kaltofen1995subquadratic,
    author        = {Erich Kaltofen and Victor Shoup},
    title         = {{S}ubquadratic--{T}ime {F}actoring of {P}olynomials over {F}inite {F}ields},
    booktitle     = pro:stoc:95,
    pages         = {398--406},
    year          = {1995},
    publisher     = pub:acm,
    address       = adr:new_york,
    isbn          = {0-89791-718-9},
    doi           = {http://doi.acm.org/10.1145/225058.225166},
    location      = adr:las_vegas,
}

%%% a-new-polynomial-factorization-algorithm-and-its-implementation.pdf

@article{Shoup1995factor,
    author        = {Victor Shoup},
    title         = {{A} {N}ew {P}olynomial {F}actorization {A}lgorithm and its {I}mplementation},
    journal       = j:symb_comp,
    volume        = {20},
    number        = {4},
    pages         = {363--397},
    year          = {1995},
    publisher     = pub:academic,
    address       = adr:new_york,
    issn          = {0747-7171},
    doi           = {http://dx.doi.org/10.1006/jsco.1995.1055},
}


%%% computing-frobenius-maps-and-factoring-polynomials.pdf

@inproceedings{Gathen1992frobenious,
    author        = {Joachim von zur Gathen and Victor Shoup},
    title         = {{C}omputing {F}robenius {M}aps and {F}actoring {P}olynomials},
    booktitle     = pro:stoc:92,
    pages         = {97--105},
    year          = {1992},
    publisher     = pub:acm,
    address       = adr:new_york,
    isbn          = {0-89791-511-9},
    doi           = {http://doi.acm.org/10.1145/129712.129722},
    location      = adr:victoria,
}

%%% polynomial-time-factorization-of-multivariate-polynomials-over-finite-fields.pdf

@inproceedings{Gathen1983polytime,
    author        = {Joachim von zur Gathen and Erich Kaltofen},
    title         = {{P}olynomial--{T}ime {F}actorization of {M}ultivariate {P}olynomials over {F}inite {F}ields},
    booktitle     = {Proceedings of the 10th Colloquium on Automata, Languages and Programming},
    pages         = {250--263},
    year          = {1983},
    publisher     = pub:springer,
    address       = adr:london,
    isbn          = {3-540-12317-2},
}

%%% multivariate-polynomial-factorization.djvu

@article{Musser1975factor,
    author        = {David R. Musser},
    title         = {{M}ultivariate {P}olynomial {F}actorization},
    journal       = j:acm,
    volume        = {22},
    number        = {2},
    pages         = {291--308},
    year          = {1975},
    publisher     = pub:acm,
    address       = adr:new_york,
    issn          = {0004-5411},
    doi           = {http://doi.acm.org/10.1145/321879.321890},
}

%%% acm/p75-stoutemyer.pdf

@article{Stoutemyer2007useful,
    author        = {David R. Stoutemyer},
    title         = {{U}seful computations {N}eed {U}seful {N}umbers},
    journal       = j:acm_comm_comp_algebra,
    volume        = {41},
    number        = {3},
    pages         = {75--99},
    year          = {2007},
    publisher     = pub:acm,
    address       = adr:new_york,
    issn          = {1932-2240},
    doi           = {http://doi.acm.org/10.1145/1358190.1358192},
}

%%% groebner-bases-a-short-introduction-for-systems-theorists.pdf

@inproceedings{Buchberger2001introduction,
    author        = {Bruno Buchberger},
    title         = {{G}r\"{o}bner {B}ases: {A} {S}hort {I}ntroduction for {S}ystems {T}heorists},
    booktitle     = {Computer Aided Systems Theory --- EUROCAST 2001--Revised Papers},
    pages         = {1--19},
    year          = {2001},
    publisher     = pub:springer,
    address       = adr:london,
    isbn          = {3-540-42959-X},
}

%%% deterministic-distinct-degree-factorization-of-polynomials-over-finite-fields.pdf

@article{Gao2004deterministic,
    author        = {Shuhong Gao and Erich Kaltofen and Alan G.B. Lauder},
    title         = {{D}eterministic {D}istinct--{D}egree {F}actorization of {P}olynomials over {F}inite {F}ields},
    journal       = j:symb_comp,
    volume        = {38},
    number        = {6},
    pages         = {1461--1470},
    year          = {2004},
    publisher     = pub:academic,
    address       = adr:new_york,
    issn          = {0747-7171},
    doi           = {doi: 10.1016/j.jsc.2004.05.004},
}

%%% acm/p109-van_hoeij.pdf

@inproceedings{vanHoeij2002modgcd,
    author        = {Mark van Hoeij and Michael Monagan},
    title         = {{A} {M}odular {GCD} {A}lgorithm over {N}umber {F}ields {P}resented with {M}ultiple {E}xtensions},
    booktitle     = pro:issac:02,
    pages         = {109--116},
    year          = {2002},
    publisher     = pub:acm,
    address       = adr:new_york,
    isbn          = {1-58113-484-3},
    doi           = {http://doi.acm.org/10.1145/780506.780520},
    location      = adr:lille,
}

%%% polynomial-interpolation-in-several-variables.pdf

@inproceedings{Gasca2000interpolation,
    author        = {Mariano Gasca and Thomas Sauer},
    title         = {{P}olynomial {I}nterpolation in {S}everal {V}ariables},
    booktitle     = {Advances in Computational Mathematics},
    volume        = {12},
    number        = {4},
    pages         = {377--410},
    year          = {2000},
    doi           = {doi: 10.1023/A:1018981505752},
}

%%% fast-multiplication-and-its-applications.pdf

@unpublished{Bernstein2008fast,
    author        = {Daniel J. Bernstein},
    title         = {{F}ast {M}ultiplication and its {A}pplications},
    note          = {id: 8758803e61822d485d54251b27b1a20d},
    month         = {May},
    year          = {2008},
    url           = {\url{http://cr.yp.to/lineartime/multapps-20080515.pdf}},
}

%%% acm/p8-ceberio.pdf

@article{Ceberio2004greedy,
    author        = {Martine Ceberio and Vladik Kreinovich},
    title         = {{G}reedy {A}lgorithms for {O}ptimizing {M}ultivariate {H}orner {S}chemes},
    journal       = j:sigsam_bulletin,
    volume        = {38},
    number        = {1},
    pages         = {8--15},
    year          = {2004},
    issn          = {0163-5824},
    doi           = {http://doi.acm.org/10.1145/980175.980179},
}

%%% acm/p187-javadi.pdf

@inproceedings{Javadi2007spmod,
    author        = {Seyed Mohammad Mahdi Javadi and Michael Monagan},
    title         = {{A} {S}parse {M}odular {GCD} {A}lgorithm for {P}olynomials over {A}lgebraic {F}unction {F}ields},
    booktitle     = pro:issac:07,
    pages         = {187--194},
    year          = {2007},
    publisher     = pub:acm,
    address       = adr:new_york,
    isbn          = {978-1-59593-743-8},
    doi           = {http://doi.acm.org/10.1145/1277548.1277575},
    location      = adr:waterloo,
}

%%% a-sparse-modular-gcd-algorithm-for-polynomials-over-algebraic-function-fields.pdf

@mastersthesis{Javadi2006spmod,
    author        = {Seyed Mohammad Mahdi Javadi},
    title         = {{A} {S}parse {M}odular {GCD} {A}lgorithm for {P}olynomials over {A}lgebraic {F}unction {F}ields},
    school        = {Simon Fraser University},
    year          = {2006},
    url           = {\url{http://ir.lib.sfu.ca/retrieve/4165/etd2580.pdf}},
}

%%% groebner-bases-algorithm.pdf

@techreport{Ajwa95groebner,
    author        = {Iyad A. Ajwa and Zhuojun Liu and Paul S. Wang},
    title         = {{G}r\"{o}bner {B}ases {A}lgorithm},
    institution   = {ICM Technical Reports Series},
    number        = {ICM-199502-00},
    year          = {1995},
}

%%% note-on-kovacic-algorithm.pdf

@article{Ulmer1996kovacic,
    author        = {Felix Ulmer and Jacques--Arthur Weil},
    title         = {{N}ote on {K}ovacic's {A}lgorithm},
    journal       = j:symb_comp,
    volume        = {22},
    number        = {2},
    pages         = {179--200},
    year          = {1996},
    publisher     = pub:academic,
    address       = adr:new_york,
    issn          = {0747-7171},
    doi           = {http://dx.doi.org/10.1006/jsco.1996.0047},
}

%%% hypergeometric-function-representations.pdf

@inproceedings{Roach1996hypergeometric,
    author        = {Roach, Kelly},
    title         = {{H}ypergeometric {F}unction {R}epresentations},
    booktitle     = pro:issac:96,
    pages         = {301--308},
    isbn          = {0-89791-796-0},
    year          = {1996},
    publisher     = pub:acm,
    address       = adr:new_york,
    doi           = {http://doi.acm.org/10.1145/236869.237088},
    location      = adr:zurich,
    url           = {\url{http://www.planetquantum.com/TheMission/Papers/Issac96.pdf}},
}

%%% meijer-g-function-representations.pdf

@inproceedings{Roach1997meijer,
    author        = {Roach, Kelly},
    title         = {{M}eijer--{G} {F}unction {R}epresentations},
    booktitle     = pro:issac:97,
    year          = {1997},
    pages         = {205--211},
    publisher     = pub:acm,
    address       = adr:new_york,
    isbn          = {0-89791-875-4},
    doi           = {http://doi.acm.org/10.1145/258726.258784},
    location      = adr:kihei,
    url           = {\url{http://www.planetquantum.com/TheMission/Papers/Issac97.pdf}},
}

%%% affine-transformations-of-algebraic-numbers.pdf

@inproceedings{Jeffrey2005affine,
    author        = {David J. Jeffrey and Pratibha, and Kelly Roach},
    title         = {{A}ffine {T}ransformations of {A}lgebraic {N}umbers},
    booktitle     = pro:issac:05,
    pages         = {193--199},
    year          = {2005},
    publisher     = pub:acm,
    address       = adr:new_york,
    isbn          = {1-59593-095-7},
    doi           = {http://doi.acm.org/10.1145/1073884.1073912},
    location      = adr:beijing,
    url           = {\url{http://www.planetquantum.com/TheMission/Papers/ISSAC2005.pdf}},
}

%%% indefinite-and-definite-integration.pdf

@inproceedings{Roach1992integration,
    author        = {Kelly Roach},
    title         = {{I}ndefinite and {D}efinite {I}ntegration},
    booktitle     = {Proceedings of the 1992 Mathematica Developer Conference},
    year          = {1992},
    publisher     = pub:wolfram:research,
    address       = adr:champaign,
    location      = adr:boston,
    url           = {\url{http://library.wolfram.com/infocenter/Conferences/4684/}},
}

%%% acm/p133-kauers.pdf

@inproceedings{Kauers2008heuristic,
    author        = {Manuel Kauers},
    title         = {{I}ntegration of {A}lgebraic {F}unctions: {A} {S}imple {H}euristic for {F}inding the {L}ogarithmic {P}art},
    booktitle     = pro:issac:08,
    pages         = {133--140},
    year          = {2008},
    publisher     = pub:acm,
    address       = adr:new_york,
    isbn          = {978-1-59593-904-3},
    doi           = {http://doi.acm.org/10.1145/1390768.1390789},
    location      = {Linz/Hagenberg, Austria},
}

%%% in-place-arithmetics-for-univariate-polynomials-over-an-algebraic-number-field.pdf

@inproceedings{Javadi2007inplace,
    author        = {Seyed Mohammad Mahdi Javadi and Michael Monagan},
    title         = {{I}n--place {A}rithmetic for {U}nivariate {P}olynomials over an {A}lgebraic {N}umber {F}ield},
    booktitle     = {Proceedings of the Second Workshop on Compact Computer Algebra},
    month         = {July},
    year          = {2009},
    location      = adr:grand_bend,
    url           = {\url{http://www.orcca.on.ca/conferences/cca2009/papers/Javadi_Monagan_CCA2009.pdf}},
}

%%% acm/p50-wang.pdf

@article{Wang1980eezgcd,
    author        = {Paul S. Wang},
    title         = {{T}he {EEZ--GCD} {A}lgorithm},
    journal       = j:sigsam_bulletin,
    volume        = {14},
    number        = {2},
    pages         = {50--60},
    year          = {1980},
    publisher     = pub:acm,
    address       = adr:new_york,
    issn          = {0163-5824},
    doi           = {http://doi.acm.org/10.1145/1089220.1089228},
}

%%% acm/p291-monagan.pdf

@inproceedings{Monagan1994signature,
    author        = {Michael B. Monagan and Gaston H. Gonnet},
    title         = {{S}ignature {F}unctions for {A}lgebraic {N}umbers},
    booktitle     = pro:issac:94,
    pages         = {291--296},
    year          = {1994},
    publisher     = pub:acm,
    address       = adr:new_york,
    isbn          = {0-89791-638-7},
    doi           = {http://doi.acm.org/10.1145/190347.190430},
    location      = adr:oxford,
}

%%% gonnet-heuristic-algorithms.pdf

@misc{Gonnet1999heuristic,
    author        = {Gaston H. Gonnet},
    title         = {{H}euristic {A}lgorithms},
    year          = {1999},
    note          = {Notes for the course Computer Algebra II},
    url           = {\url{http://www.inf.ethz.ch/personal/gonnet/CAII/HeuristicAlgorithms.ps}},
}

%%% acm/p290/abramov.pdf

@inproceedings{Abramov1995polynomial,
    author        = {Sergei A. Abramov and Manuel Bronstein and Marko Petkov\v{s}ek},
    title         = {{O}n {P}olynomial {S}olutions of {L}inear {O}perator {E}quations},
    booktitle     = pro:issac:95,
    pages         = {290--296},
    year          = {1995},
    publisher     = pub:acm,
    address       = adr:new_york,
    isbn          = {0-89791-699-9},
    doi           = {http://doi.acm.org/10.1145/220346.220384},
    location      = adr:montreal,
}

%%% acm/p285-abramov.pdf

@inproceedings{Abramov1995rational,
    author        = {Sergei A. Abramov},
    title         = {{R}ational {S}olutions of {L}inear {D}ifference and q--difference {E}quations with {P}olynomial {C}oefficients},
    booktitle     = pro:issac:95,
    pages         = {285--289},
    year          = {1995},
    publisher     = pub:acm,
    address       = adr:new_york,
    isbn          = {0-89791-699-9},
    doi           = {http://doi.acm.org/10.1145/220346.220383},
    location      = adr:montreal,
}

%%% hypergeometric-solutions-of-linear-recurrences-with-polynomial-coefficients.pdf

@article{Petkovsek1992hyper,
    author        = {Marko Petkov\v{s}ek},
    title         = {{H}ypergeometric {S}olutions of {L}inear {R}ecurrences with {P}olynomial {C}oefficients},
    journal       = j:symb_comp,
    volume        = {14},
    number        = {2-3},
    pages         = {243--264},
    year          = {1992},
    publisher     = pub:academic,
    address       = adr:new_york,
    issn          = {0747-7171},
    doi           = {http://dx.doi.org/10.1016/0747-7171(92)90038-6},
}

%%% how-to-do-monthly-problems-with-your-computer.pdf

@article{Nemes1997monthly,
    author        = {Istv\'{a}n Nemes and Marko Petkov\v{s}ek and Herbert S. Wilf and Doron Zeilberger},
    title         = {{H}ow to do {M}onthly problems with your computer},
    journal       = {The American Mathematical Monthly},
    volume        = {104},
    number        = {6},
    pages         = {505--519},
    year          = {1997},
    publisher     = pub:maa,
}

%%% the-identification-problem-for-transcendental-functions.pdf

@article{Koepf1996identification,
    author        = {Wolfram Koepf},
    title         = {{T}he {I}dentification {P}roblem for {T}ranscendental {F}unctions},
    journal       = {arXiv:math.CA/9603215},
    year          = {1996},
    url           = {\url{http://arxiv.org/abs/math.CA/9603215}},
}

%%% acm/p290-jeffrey.pdf

@inproceedings{Jeffrey1998piecewise,
    author        = {David J. Jeffrey and A. D. Rich},
    title         = {{R}ecursive integration of piecewise--continuous functions},
    booktitle     = pro:issac:98,
    pages         = {290--294},
    year          = {1998},
    publisher     = pub:acm,
    address       = adr:new_york,
    isbn          = {1-58113-002-3},
    doi           = {http://doi.acm.org/10.1145/281508.281649},
    location      = adr:rostock,
}

%%% symbolic-integration-tutorial.pdf

@inproceedings{Bronstein1998tutorial,
    author        = {Manuel Bronstein},
    title         = {{S}ymbolic {I}ntegration {T}utorial},
    booktitle     = pro:issac:98,
    year          = {1998},
    publisher     = pub:acm,
    address       = adr:new_york,
    isbn          = {1-58113-002-3},
    doi           = {http://doi.acm.org/10.1145/281508.281649},
    location      = adr:rostock,
    url           = {\url{http://www-sop.inria.fr/cafe/Manuel.Bronstein/publications/issac98.pdf}},
}

%%% full-partial-fraction-decomposition-of-rational-functions.pdf

@inproceedings{Bronstein1993partial,
    author        = {Manuel Bronstein and Bruno Salvy},
    title         = {{F}ull {P}artial {F}raction {D}ecomposition of {R}ational {F}unctions},
    booktitle     = pro:issac:93,
    pages         = {157--160},
    year          = {1993},
    publisher     = pub:acm,
    address       = adr:new_york,
    isbn          = {0-89791-604-2},
    doi           = {http://doi.acm.org/10.1145/164081.164114},
    location      = adr:kiev,
}

%%% acm/p199-javadi.pdf

@inproceedings{Javadi2009factor,
    author        = {Seyed Mohammad Mahdi Javadi and Michael Monagan},
    title         = {{O}n {F}actorization of {M}ultivariate {P}olynomials over {A}lgebraic {N}umber and {F}unction {F}ields},
    booktitle     = pro:issac:09,
    pages         = {199--206},
    year          = {2009},
    publisher     = pub:acm,
    address       = adr:new_york,
    isbn          = {978-1-60558-609-0},
    doi           = {http://doi.acm.org/10.1145/1576702.1576731},
    location      = adr:seoul,
}

%%% algebraic-factorization-and-gcd-computation.pdf

@inproceedings{Zhi2000factor,
    author        = {Lihong Zhi},
    title         = {{A}lgebraic {F}actorization and GCD {C}omputation},
    booktitle     = {Mathematics Mechanization and Applications},
    pages         = {325--342},
    year          = {2000},
    publisher     = pub:academic,
    address       = adr:new_york,
    url           = {\url{http://www.mmrc.iss.ac.cn/~lzhi/Publications/mmfac.pdf}},
}

%%% modular-algorithms-in-symbolic-summation-and-symbolic-integration.pdf

@book{Gerhard2006modular,
    author        = {Juergen Gerhard},
    title         = {{M}odular {A}lgorithms in {S}ymbolic {S}ummation and {S}ymbolic {I}ntegration},
    year          = {2006},
    publisher     = pub:springer,
    address       = adr:heidelberg,
    isbn          = {3-540-24061-6},
}

%%% large-scale-symbolic-programming-with-ginac.pdf

@article{Frink2001large,
    author        = {Alexander Frink and Christian Bauer and Richard Kreckel},
    title         = {{L}arge {S}cale {S}ymbolic {P}rogramming with {GiNaC}},
    journal       = {Advanced Computing and Analysis Techniques in Physics Research},
    volume        = {583},
    pages         = {185--189},
    year          = {2001},
    publisher     = {American Institute of Physics},
    doi           = {doi: 10.1063/1.1405299},
}

%%% acm/p581-brent.pdf

@article{Brent1978fps,
    author        = {R. P. Brent and H. T. Kung},
    title         = {{F}ast {A}lgorithms for {M}anipulating {F}ormal {P}ower {S}eries},
    journal       = j:acm,
    volume        = {25},
    number        = {4},
    pages         = {581--595},
    year          = {1978},
    publisher     = pub:acm,
    address       = adr:new_york,
    issn          = {0004-5411},
    doi           = {http://doi.acm.org/10.1145/322092.322099},
}

%%% acm/p58-encarnacion.pdf

@inproceedings{Encarnacion1994modular,
    author        = {Mark J. Encarnaci\'{o}n},
    title         = {{O}n a {M}odular {A}lgorithm for {C}omputing {GCDs} of {P}olynomials over {A}lgebraic {N}umber {F}ields},
    booktitle     = pro:issac:94,
    pages         = {58--65},
    year          = {1994},
    publisher     = pub:acm,
    address       = adr:new_york,
    isbn          = {0-89791-638-7},
    doi           = {http://doi.acm.org/10.1145/190347.190365},
    location      = adr:oxford,
}

%%% greatest-factorial-factorization-and-symbolic-summation.pdf

@article{Paule1995greatest,
    author        = {Peter Paule},
    title         = {{G}reatest {F}actorial {F}actorization and {S}ymbolic {S}ummation},
    journal       = j:symb_comp,
    volume        = {20},
    number        = {3},
    pages         = {235--268},
    year          = {1995},
    publisher     = pub:academic,
    address       = adr:new_york,
    issn          = {0747-7171},
    doi           = {http://dx.doi.org/10.1006/jsco.1995.1049},
}

%%% automated-and-readable-simplification-of-trigonometric-expressions.pdf

@article{Fu2006automated,
    author        = {Hongguang Fu and Xiuqin Zhong and Zhenbing Zeng},
    title         = {{A}utomated and {R}eadable {S}implification of {T}rigonometric {E}xpressions},
    journal       = {Mathematical and Computer Modelling},
    volume        = {55},
    number        = {11-12},
    pages         = {1169-1177},
    year          = {2006},
    publisher     = pub:elsevier,
    address       = adr:oxford,
    issn          = {0895-7177},
}

%%% advanced-engineering-mathematics.pdf

@book{Jeffrey2001advanced,
    author        = {Alan Jeffrey},
    title         = {{A}dvanced {E}ngineering {M}athematics},
    edition       = edt:first,
    year          = {2001},
    publisher     = pub:academic,
    address       = adr:new_york,
    isbn          = {978-0123825926},
}

%%% acm/p282-moses.pdf

@inproceedings{Moses1971simplification,
    author        = {Joel Moses},
    title         = {{A}lgebraic {S}implification: {A} {G}uide for the {P}erplexed},
    booktitle     = pro:symsac:71,
    pages         = {282--304},
    year          = {1971},
    publisher     = pub:acm,
    address       = adr:new_york,
    doi           = {http://doi.acm.org/10.1145/800204.806298},
    location      = adr:los_angeles,
}

%%% acm/p15-wang.pdf

@article{Wang1976teaching,
    author        = {Paul S. Wang},
    title         = {{I}mplications of {S}ymbolic {C}omputation for the {T}eaching of {M}athematics},
    journal       = j:sigsam_bulletin,
    volume        = {10},
    number        = {3},
    pages         = {15--18},
    year          = {1976},
    publisher     = pub:acm,
    address       = adr:new_york,
    issn          = {0163-5824},
    doi           = {http://doi.acm.org/10.1145/1088216.1088218},
}

%%% groebner-bases-symbolic-summation-and-symbolic-integration.pdf

@incollection{Chyzak1998groebner,
    author        = {Fr\'{e}d\'{e}ric Chyzak},
    title         = {{G}r\"{o}bner {B}ases, {S}ymbolic {S}ummation and {S}ymbolic {I}ntegration},
    booktitle     = {Gr\"{o}bner Bases and Applications},
    editor        = {B. Buchberger and F. Winkler},
    volume        = {251},
    pages         = {32--60},
    year          = {1998},
    series        = {London Mathematical Society Lecture Notes Series},
    publisher     = pub:cambridge,
    note          = {Proceedings of the Conference 33 Years of Gröbner Bases},
    isbn          = {0-521-63298-6},
}

%%% acm/p8-fateman.pdf

@article{Fateman1972simplifying,
    author        = {Richard J. Fateman},
    title         = {{R}ationally {S}implifying {N}on--{R}ational {E}xpressions},
    journal       = j:sigsam_bulletin,
    number        = {23},
    pages         = {8--9},
    year          = {1972},
    publisher     = pub:acm,
    address       = adr:new_york,
    issn          = {0163-5824},
    doi           = {http://doi.acm.org/10.1145/1093522.1093523},
}

%%% acm/p72-carette.pdf

@inproceedings{Carette2004understanding,
    author        = {Jacques Carette},
    title         = {{U}nderstanding {E}xpression {S}implification},
    booktitle     = pro:issac:04,
    pages         = {72--79},
    year          = {2004},
    publisher     = pub:acm,
    address       = adr:new_york,
    isbn          = {1-58113-827-X},
    doi           = {http://doi.acm.org/10.1145/1005285.1005298},
    location      = adr:santander,
}

%%% handbook-of-mathematical-functions.pdf

@book{Abramowitz1964handbook,
    author        = {Milton Abramowitz and Irene A. Stegun},
    title         = {{H}andbook of {M}athematical {F}unctions with {F}ormulas, {G}raphs, and {M}athematical {T}ables},
    year          = {1964},
    publisher     = pub:dover,
    address       = adr:new_york,
    edition       = {ninth printing},
    isbn          = {0-486-61272-4},
    url           = {\url{http://www.math.ucla.edu/~cbm/aands/}},
}

%%% the-difficulties-of-definite-integration.pdf

@inproceedings{Davenport2003difficulties,
    author        = {James H. Davenport},
    title         = {{T}he {D}ifficulties of {D}efinite {I}ntegration},
    booktitle     = {Proceedings of 11th Symposium on the Integration of Symbolic Computation and Mechanized Reasoning},
    year          = {2003},
    location      = adr:rome,
    url           = {\url{http://www.calculemus.net/meetings/rome03/davenport.pdf}},
}

%%% acm/p385-caviness.pdf

@article{Caviness1970canonical,
    author        = {B. F. Caviness},
    title         = {{O}n {C}anonical {F}orms and {S}implification},
    journal       = j:acm,
    volume        = {17},
    number        = {2},
    pages         = {385--396},
    year          = {1970},
    publisher     = pub:acm,
    address       = adr:new_york,
    issn          = {0004-5411},
    doi           = {http://doi.acm.org/10.1145/321574.321591},
}

%%% cylindrical-algebraic-decomposition-the-basic-algorithm.pdf

@article{Arnon1984basic,
    author        = {Dennis S. Arnon and George E. Collins and Scott McCallum},
    title         = {{C}ylindrical {A}lgebraic {D}ecomposition {I}: {T}he {B}asic {A}lgorithm},
    journal       = {SIAM Journal of Computation},
    volume        = {13},
    number        = {4},
    pages         = {865--877},
    year          = {1984},
    publisher     = {Society for Industrial and Applied Mathematics},
    address       = adr:philadelphia,
    issn          = {0097-5397},
    doi           = {http://dx.doi.org/10.1137/0213054},
}

%%% ---

@misc{Bronstein2005pmint,
    author        = {Manuel Bronstein},
    title         = {{P}oor {M}an's {I}ntegrator},
    url           = {\url{http://www-sop.inria.fr/cafe/Manuel.Bronstein/pmint/index.htm}},
}

%%% on-computing-limits-in-a-symbolic-manipulation-system.pdf

@phdthesis{Gruntz1996limits,
    author        = {Dominik Gruntz},
    title         = {{O}n {C}omputing {L}imits in a {S}ymbolic {M}anipulation {S}ystem},
    year          = {1996},
    school        = {Swiss Federal Institute of Technology}
    address       = adr:zurich,
}

%%% a-eq-b.pdf

@book{Petkovsek1997AeqB,
    author        = {Marko Petkov\v{s}ek and Herbert S. Wilf and Doron Zeilberger},
    title         = {{A $=$ B}},
    year          = {1997},
    url           = {\url{http://www.math.rutgers.edu/%7Ezeilberg/AeqB.pdf}},
}

%%% algorithms-for-trigonometric-polynomials.pdf

@inproceedings{Mulholland2001trigonometric,
    author        = {Jamie Mulholland and Michael Monagan},
    title         = {{A}lgorithms for {T}rigonometric {P}olynomials},
    booktitle     = pro:issac:01,
    pages         = {245--252},
    year          = {2001},
    publisher     = pub:acm,
    address       = adr:new_york,
    isbn          = {1-58113-417-7},
    doi           = {http://doi.acm.org/10.1145/384101.384135},
    location      = adr:london:CA,
}

%%% improving-the-performance-of-the-continued-fractions-method.pdf

@article{Akritas2008improving,
    author        = {A. G. Akritas and A. Strzebo\'{n}ski and P. Vigklas},
    title         = {{I}mproving the {P}erformance of the {C}ontinued {F}ractions {M}ethod using new {B}ounds of {P}ositive {R}oots},
    journal       = {Nonlinear Analysis: Modelling and Control},
    volume        = {13},
    number        = {3},
    pages         = {265--279},
    year          = {2008},
    url           = {\url{www.lana.lt/journal/30/Akritas.pdf}},
}

%%% a-comparative-study-of-two-real-root-isolation-methods.pdf

@article{Akritas2008study,
    author        = {A. G. Akritas and A. Strzebo\'{n}ski},
    title         = {{A} {C}omparative {S}tudy of {T}wo {R}eal {R}oot {I}solation {M}ethods},
    journal       = {Nonlinear Analysis: Modelling and Control},
    volume        = {10},
    number        = {4},
    pages         = {297--304},
    year          = {2005},
    url           = {\url{www.lana.lt/journal/19/Akritas.pdf}},
}

%%% polynomial-minimum-root-separation.pdf

@article{Rump1979root,
    author        = {Siegfried M. Rump},
    title         = {Polynomial Minimum Root Separation},
    journal       = j:math_comp,
    volume        = {33},
    number        = {145},
    pages         = {327--336},
    year          = {1979},
    publisher     = pub:ams,
    address       = adr:boston,
}

%%% certified-complex-root-isolation-via-adaptive-root-separation-bounds.pdf

@inproceedings{Sagraloff2009certified,
    author        = {Michael Sagraloff and Michael Kerber and Michael Hemmer},
    title         = {Certified Complex Root Isolation via Adaptive Root Separation Bounds},
    booktitle     = {ASCM '09: Proceedings of the 9th Asian Symposium on Computer Mathematics},
    year          = {2009},
    url           = {\url{http://www.mpi-inf.mpg.de/~msagralo/AdaptiveRootBound.pdf}},
}

%%% acm/p198-zippel.pdf

@inproceedings{Zippel1976expansions,
    author        = {Richard E. Zippel},
    title         = {{U}nivariate {P}ower {S}eries {E}xpansions in {A}lgebraic {M}anipulation},
    booktitle     = pro:symsac:76,
    pages         = {198--208},
    year          = {1976},
    publisher     = pub:acm,
    address       = adr:new_york,
    doi           = {http://doi.acm.org/10.1145/800205.806335},
    location      = adr:yorktown,
}

%%% acm/p26-yun.pdf

@inproceedings{Yun1976squarefree,
    author        = {David Y. Y. Yun},
    title         = {{O}n {S}quare--{F}ree {D}ecomposition {A}lgorithms},
    booktitle     = pro:symsac:76,
    pages         = {26--35},
    year          = {1976},
    publisher     = pub:acm,
    address       = adr:new_york,
    doi           = {http://doi.acm.org/10.1145/800205.806320},
    location      = adr:yorktown,
}

%%% acm/p212-wang.pdf

@inproceedings{Wang1981partial,
    author        = {Paul S. Wang},
    title         = {{A} p--adic {A}lgorithm for {U}nivariate {P}artial {F}ractions},
    booktitle     = pro:symsac:81,
    pages         = {212--217},
    year          = {1981},
    publisher     = pub:acm,
    address       = adr:new_york,
    isbn          = {0-89791-047-8},
    doi           = {http://doi.acm.org/10.1145/800206.806398},
    location      = adr:snowbird,
}


%%% acm/p21-wang.pdf

@article{Wang1973integers,
    author        = {Paul S. Wang and Linda Preiss Rothschild},
    title         = {{F}actoring {M}ultivariate {P}olynomials over the {I}ntegers},
    journal       = j:sigsam_bulletin,
    number        = {28},
    pages         = {21--29},
    year          = {1973},
    publisher     = pub:acm,
    address       = adr:new_york,
    issn          = {0163-5824},
    doi           = {http://doi.acm.org/10.1145/1086814.1086819},
}

%%% an-improved-multivariate-polynomial-factoring-algorithm.djvu

@article{Wang1978improved,
    author        = {Paul S. Wang},
    title         = {{A}n {I}mproved {M}ultivariate {P}olynomial {F}actoring {A}lgorithm},
    journal       = j:math_comp,
    volume        = {32},
    number        = {144},
    pages         = {1215--1231},
    year          = {1978},
    publisher     = pub:ams,
    address       = adr:boston,
}

%%% factoring-multivariate-polynomials-over-algebraic-number-fields.djvu

@article{Wang1976algebraic,
    author        = {Paul S. Wang},
    title         = {{F}actoring {M}ultivariate {P}olynomials over {A}lgebraic {N}umber {F}ields},
    journal       = j:math_comp,
    volume        = {30},
    number        = {134},
    pages         = {324--336},
    year          = {1976},
    publisher     = pub:ams,
    address       = adr:boston,
}

%%% acm/p796-shamir.pdf

@inproceedings{Shamir1993hard,
    author        = {Adi Shamir},
    title         = {{O}n the {G}eneration of {M}ultivariate {P}olynomials which are {H}ard to {F}actor},
    booktitle     = pro:stoc:93,
    pages         = {796--804},
    year          = {1993},
    publisher     = pub:acm,
    address       = adr:new_york,
    isbn          = {0-89791-591-7},
    doi           = {http://doi.acm.org/10.1145/167088.167291},
    location      = adr:san_diego,
}

%%% rectifying-transformations-for-the-integration-of-rational-trigonometric-functions.djvu

@article{Jeffrey1997rectifying,
    author        = {David J. Jeffrey},
    title         = {{R}ectifying {T}ransformations for the {I}ntegration of {R}ational {T}rigonometric {F}unctions},
    journal       = j:symb_comp,
    volume        = {24},
    number        = {5},
    pages         = {563--573},
    year          = {1997},
    publisher     = pub:academic,
    address       = adr:new_york,
    issn          = {0747-7171},
    doi           = {http://dx.doi.org/10.1006/jsco.1997.0152},
}

%%% acm/p159-moses.pdf

@inproceedings{Moses1973ezgcd,
    author        = {Joel Moses and David Y. Y. Yun},
    title         = {{T}he {EZ--GCD} {A}lgorithm},
    booktitle     = {ACM '73: Proceedings of the ACM annual conference},
    pages         = {159--166},
    year          = {1973},
    publisher     = pub:acm,
    address       = adr:new_york,
    doi           = {http://doi.acm.org/10.1145/800192.805698},
    location      = adr:atlanta,
}

%%% acm/p124-jeffrey.pdf

@article{Jeffrey1994spurious,
    author        = {David J. Jeffrey and A. D. Rich},
    title         = {{T}he {E}valuation of {T}rigonometric {I}ntegrals {A}voiding {S}purious {D}iscontinuities},
    journal       = j:acm_tran_math_soft,
    volume        = {20},
    number        = {1},
    pages         = {124--135},
    year          = {1994},
    publisher     = pub:acm,
    address       = adr:new_york,
    issn          = {0098-3500},
    doi           = {http://doi.acm.org/10.1145/174603.174409},
}

%%% introduction-to-algorithms.djvu
%%% introduction-to-algorithms.pdf

@book{Cormen2001algorithms,
    author        = {Thomas T. Cormen and Charles E. Leiserson and Ronald L. Rivest},
    title         = {{I}ntroduction to {A}lgorithms},
    edition       = edt:second,
    year          = {2001},
    publisher     = pub:mit,
    address       = adr:cambridge,
    isbn          = {0-262-03141-8},
}

%%% a-course-in-computational-algebraic-number-theory.djvu
%%% a-course-in-computational-algebraic-number-theory.pdf

@book{Cohen1993computational,
    author        = {Henri Cohen},
    title         = {{A} {C}ourse in {C}omputational {A}lgebraic {N}umber {T}heory},
    edition       = edt:first,
    pages         = {550+},
    year          = {1993},
    series        = {Graduate Texts in Mathematics},
    volume        = {138},
    isbn          = {978-3-540-55640-4},
}

%%% acm/p265-encarnacion.pdf

@inproceedings{Encarnacion1997norms,
    author        = {Mark J. Encarnaci\'{o}n},
    title         = {{F}actoring {P}olynomials over {A}lgebraic {N}umber {F}ields via {N}orms},
    booktitle     = pro:issac:97,
    pages         = {265--270},
    year          = {1997},
    publisher     = pub:acm,
    address       = adr:new_york,
    isbn          = {0-89791-875-4},
    doi           = {http://doi.acm.org/10.1145/258726.258802},
    location      = adr:kihei,
}

%%% introduction-to-automata-thory-languages-and-computation.djvu

@book{Hopcroft2001introduction,
    author        = {John E. Hopcroft and Rajeev Motwani and Jeffrey D. Ullman},
    title         = {{I}ntroduction to {A}utomata {T}heory, {L}anguages, and {C}omputation},
    edition       = edt:third,
    year          = {2001},
    publisher     = pub:addison,
    address       = adr:boston,
    isbn          = {0-201-44124-1},
}

%%% essays-in-algebraic-simplification.djvu

@phdthesis{Fateman1972essays,
    author        = {R. J. Fateman},
    title         = {{E}ssays in {A}lgebraic {S}implification},
    year          = {1972},
    school        = {Massachusetts Institute of Technology},
    address       = adr:cambridge,
}

%%% acm/p212-geddes.pdf

@inproceedings{Geddes1989risch,
    author        = {K. O. Geddes and L. Y. Stefanus},
    title         = {{O}n the {R}isch--{N}orman {I}ntegration {M}ethod and its {I}mplementation in {MAPLE}},
    booktitle     = pro:issac:89,
    pages         = {212--217},
    year          = {1989},
    publisher     = pub:acm,
    address       = adr:new_york,
    isbn          = {0-89791-325-6},
    doi           = {http://doi.acm.org/10.1145/74540.74567},
    location      = adr:portland,
}

%%% acm/p212-adamchik.pdf

@inproceedings{Adamchik1990hypergeometric,
    author        = {V. S. Adamchik and O. I. Marichev},
    title         = {{T}he {A}lgorithm for {C}alculating {I}ntegrals of {H}ypergeometric {T}ype {F}unctions and its {R}ealization in {REDUCE} {S}ystem},
    booktitle     = pro:issac:90,
    pages         = {212--224},
    year          = {1990},
    publisher     = pub:acm,
    address       = adr:new_york,
    isbn          = {0-201-54892-5},
    doi           = {http://doi.acm.org/10.1145/96877.96930},
    location      = adr:tokyo,
}

%%% algorithms-for-composition-and-reversion-of-power-series.djvu

@article{Brent1975series,
    author        = {R. P. Brent and H. T. Kung},
    title         = {{$O((n log n)3/2)$} {A}lgorithms for {C}omposition and {R}eversion of {P}ower {S}eries},
    journal       = {Analytic Computational Complexity},
    pages         = {217--225},
    year          = {1975},
    publisher     = pub:academic,
    address       = adr:new_york,
}

%%% acm/p305-karr.pdf

@article{Karr1981summation,
    author        = {Michael Karr},
    title         = {{S}ummation in {F}inite {T}erms},
    journal       = j:acm,
    volume        = {28},
    number        = {2},
    pages         = {305--350},
    year          = {1981},
    publisher     = pub:acm,
    address       = adr:new_york,
    issn          = {0004-5411},
    doi           = {http://doi.acm.org/10.1145/322248.322255},
}

%%% acm/p335-weinberger.pdf

@article{355709,
    author        = {P. J. Weinberger and Linda Preiss Rothschild},
    title         = {{F}actoring {P}olynomials {O}ver {A}lgebraic {N}umber {F}ields},
    journal       = j:acm_tran_math_soft,
    volume        = {2},
    number        = {4},
    pages         = {335--350},
    year          = {1976},
    publisher     = pub:acm,
    address       = adr:new_york,
    issn          = {0098-3500},
    doi           = {http://doi.acm.org/10.1145/355705.355709},
}

%%% canonical-form-for-rational-exponential-expressions.djvu

@inproceedings{Karr1985canonical,
    author        = {Michael Karr},
    title         = {{C}anonical {F}orm for {R}ational {E}xponential {E}xpressions},
    booktitle     = {EUROCAL '85: Research Contributions from the European Conference on Computer Algebra-Volume 2},
    pages         = {585--594},
    year          = {1985},
    publisher     = pub:springer,
    address       = adr:london,
    isbn          = {3-540-15984-3},
}

%%% acm/p188-horowitz.pdf

@inproceedings{Horowitz1971modular,
    author        = {E. Horowitz},
    title         = {{M}odular {A}rithmetic and {F}inite {F}ield {T}heory: {A} {T}utorial},
    booktitle     = pro:symsac:71,
    pages         = {188--194},
    year          = {1971},
    publisher     = pub:acm,
    address       = adr:new_york,
    doi           = {http://doi.acm.org/10.1145/800204.806287},
    location      = adr:los_angeles,
}

%%% acm/p505-brown.pdf

@inproceedings{Brown1971subresultants,
    author        = {W. S. Brown and J. F. Traub},
    title         = {{O}n {E}uclid's {A}lgorithm and the {T}heory of {S}ubresultants},
    journal       = j:acm,
    volume        = {18},
    number        = {4},
    pages         = {505--514},
    year          = {1971},
    publisher     = pub:acm,
    address       = adr:new_york,
    issn          = {0004-5411},
    doi           = {http://doi.acm.org/10.1145/321662.321665},
}

%%% acm/p195-brown.pdf

@inproceedings{Brown1971gcd,
    author        = {W. S. Brown},
    title         = {{O}n {E}uclid's {A}lgorithm and the {C}omputation of {P}olynomial {G}reatest {C}ommon {D}ivisors},
    booktitle     = pro:symsac:71,
    pages         = {195--211},
    year          = {1971},
    publisher     = pub:acm,
    address       = adr:new_york,
    doi           = {http://doi.acm.org/10.1145/800204.806288},
    location      = adr:los_angeles,
}

%%% acm/p200-davenport.pdf

@inproceedings{Davenport1981factor,
    author        = {James H. Davenport and Barry M. Trager},
    title         = {{F}actorization over {F}initely {G}enerated {F}ields},
    booktitle     = pro:symsac:81,
    pages         = {200--205},
    year          = {1981},
    publisher     = pub:acm,
    address       = adr:new_york,
    isbn          = {0-89791-047-8},
    doi           = {http://doi.acm.org/10.1145/800206.806396},
    location      = adr:snowbird,
}

%%% acm/p39-czapor.pdf

@inproceedings{Czapor1991heuristic,
    author        = {S. R. Czapor},
    title         = {{A} {H}euristic {S}election {S}trategy for {L}exicographic {G}r\"{o}ner {B}ases?},
    booktitle     = pro:issac:91,
    pages         = {39--48},
    year          = {1991},
    publisher     = pub:acm,
    address       = adr:new_york,
    isbn          = {0-89791-437-6},
    doi           = {http://doi.acm.org/10.1145/120694.120700},
    location      = adr:bonn,
}

%%% the-method-of-differentiating-under-the-integral-sign.djvu

@article{Almqvist1990under,
    author        = {G. Almqvist and D. Zeilberger},
    title         = {{T}he {M}ethod of {D}ifferentiating {U}nder the {I}ntegral {S}ign},
    journal       = j:symb_comp,
    volume        = {10},
    pages         = {571--591},
    year          = {1990},
    publisher     = pub:academic,
    address       = adr:new_york,
}

%%% integration-in-finite-terms-with-special-functions.djvu

@incollection{Cherry1984special,
    author        = {G. W. Cherry and B. F. Caviness},
    title         = {{I}ntegration in {F}inite {T}erms with {S}pecial {F}unctions: {A} {P}rogress {R}eport},
    booktitle     = {Lecture Notes in Computer Science},
    volume        = {174},
    pages         = {351--358},
    year          = {1984},
    publisher     = pub:springer,
    address       = adr:heidelberg,
    issn          = {0302-9743},
    isbn          = {978-3-540-13350-6},
    doi           = {doi: 10.1007/BFb0032823},
}

%%% an-introduction-to-kolmogorov-complexity-and-its-applications.djvu

@book{Li1993kolmogorov,
    author        = {Ming Li and Paul Vit\'{a}nyi},
    title         = {{A}n {I}ntroduction to {K}olmogorov {C}omplexity and its {A}pplications},
    year          = {1993},
    publisher     = pub:springer,
    address       = adr:new_york,
    isbn          = {0-387-94053-7},
}

%%% gcds-and-factoring-multivariate-polynomials-using-groebner-bases.djvu

@incollection{Gianni1985groebner,
    author        = {Patrizia Gianni and Barry Trager},
    title         = {{GCD's} and {F}actoring {M}ultivariate {P}olynomials using {G}r\"{o}bner {B}ases},
    booktitle     = {Lecture Notes in Computer Science},
    volume        = {204},
    pages         = {409--410},
    year          = {1985},
    publisher     = pub:springer,
    address       = adr:heidelberg,
    issn          = {0302-9743},
    isbn          = {978-3-540-15984-1},
    doi           = {doi: 10.1007/3-540-15984-3},
}

%%% acm/p179-knowles.pdf

@inproceedings{Knowles1986liouvillian,
    author        = {Paul. H. Knowles},
    title         = {{I}ntegration of {L}iouvillian {F}unctions with {S}pecial {F}unctions},
    booktitle     = pro:symsac:86,
    pages         = {179--184},
    year          = {1986},
    publisher     = pub:acm,
    address       = adr:new_york,
    isbn          = {0-89791-199-7},
    doi           = {http://doi.acm.org/10.1145/32439.32475},
    location      = adr:waterloo,
}

%%% integration-of-a-class-of-transcendental-liouvillian-functions.djvu

@article{Knowles1993transcendental,
    author        = {Paul H. Knowles},
    title         = {{I}ntegration of a {C}lass of {T}ranscendental {L}iouvillian {F}unctions with {E}rror--{F}unctions},
    journal       = j:symb_comp,
    volume        = {16},
    number        = {3},
    year          = {1993},
    pages         = {227--241},
    publisher     = pub:academic,
    address       = adr:new_york,
    issn          = {0747-7171},
    doi           = {http://dx.doi.org/10.1006/jsco.1993.1042},
}

%%% proceedings-issac-96.djvu

@proceedings{Lakshman1996issac,
    editor        = {Y. N. Lakshman},
    note          = {chairman: Erwin Engeler and Bob F. Caviness},
    title         = pro:issac:96,
    year          = {1996},
    publisher     = pub:acm,
    address       = adr:new_york,
    isbn          = {0-89791-796-0},
    location      = adr:zurich,
}

%%% sympy-a-library-for-doing-symbolic-mathematics-in-pure-python.pdf

@misc{Paprocki2009sympy,
    author        = {Mateusz Paprocki},
    title         = {{SymPy} --- a library for doing symbolic mathematics in pure {P}ython},
    howpublished  = {EuroScipy~'09: 2nd European Conference for Scientists using Python},
    month         = {July},
    year          = {2009},
    location      = adr:leipzig,
    url           = {\url{http://sympy.googlecode.com/svn/materials/presentations/euroscipy2009.pdf}},
}

%%% <TODO>

@book{Adams1994intro,
    author        = {William Wells Adams and Philippe Loustaunau},
    title         = {{A}n {I}ntroduction to {G}r\"{o}bner {B}ases},
    pages         = {289+},
    month         = {July},
    year          = {1994},
    publisher     = pub:ams
    address       = adr:boston,
    isbn          = {0-821-83804-0},
}

%%% tikz-and-pgf-manual.pdf

@manual{Tantau2008tikz,
    author        = {Till Tantau},
    title         = {{T}he {TikZ} and {PGF} {P}ackages},
    edition       = {2.0.0},
    month         = {February},
    year          = {2008},
    url           = {\url{http://www.ctan.org/tex-archive/graphics/pgf/base/doc/generic/pgf/pgfmanual.pdf}},
}

%%% faugere-f5-algorithm-revisited.pdf

@misc{Stegers2006f5,
    author        = {Till Stegers},
    title         = {{F}aug\`{e}re's {F5} {A}lgorithm {R}evisited},
    howpublished  = {Cryptology ePrint Archive, Report 2006/404},
    year          = {2006},
    note          = {\url{http://eprint.iacr.org/}},
}

%%% the-mathematica-book.pdf

@book{Wolfram2003book,
    author        = {Stephen Wolfram},
    title         = {{T}he {M}athematica {B}ook},
    edition       = edt:fifth,
    pages         = {1488+},
    year          = {2003},
    publisher     = pub:wolfram:media,
    address       = adr:champaign,
    isbn          = {1-579-55022-3},
}

